@misc{druskat_stephan_2021_5171937,
  author       = {Druskat, Stephan and
                  Spaaks, Jurriaan H. and
                  Chue Hong, Neil and
                  Haines, Robert and
                  Baker, James and
                  Bliven, Spencer and
                  Willighagen, Egon and
                  Pérez-Suárez, David and
                  Konovalov, Alexander},
  title        = {Citation File Format},
  month        = aug,
  year         = 2021,
  publisher    = {Zenodo},
  version      = {1.2.0},
  doi          = {10.5281/zenodo.5171937},
  url          = {https://doi.org/10.5281/zenodo.5171937}
}