@article{druskat_stephan_making_2021,
	title        = {Making software citation easi(er) - {The} {Citation} {File} {Format} and its integrations},
	author       = {Stephan Druskat},
	year         = 2021,
	month        = sep,
	doi          = {10.5281/zenodo.5529914},
	url          = {https://zenodo.org/record/5529914},
	urldate      = {2021-11-07},
	copyright    = {Creative Commons Attribution 4.0 International, Open Access},
	abstract     = {Slides for a presenation given at the NFDI4Ing Konferenz, 2021-09-28.}
}
@misc{jsonvalidate2021,
	title        = {{jsonvalidate}: Validate '{JSON}' Schema},
	shorttitle   = {jsonvalidate},
	author       = {FitzJohn, Rich and Ashton, Rob and Hill, Alex and Schep, Alicia and Lyttle, Ian and Woo, Kara and library), Mathias Buus (Author of bundled imjv and library), Evgeny Poberezkin (Author of bundled Ajv},
	year         = 2021,
	month        = nov,
	url          = {https://CRAN.R-project.org/package=jsonvalidate},
	urldate      = {2021-11-07},
	copyright    = {MIT + file LICENSE},
	abstract     = {Uses the node library 'is-my-json-valid' or {'ajv'} to validate 'JSON' against a 'JSON' schema. Drafts 04, 06 and 07 of 'JSON' schema are supported.},
	keywords     = {WebTechnologies}
}
@misc{druskat_citation_2021,
	title        = {Citation {File} {Format}},
	author       = {Druskat, Stephan and Spaaks, Jurriaan H. and Chue Hong, Neil and Haines, Robert and Baker, James and Bliven, Spencer and Willighagen, Egon and Pérez-Suárez, David and Konovalov, Alexander},
	year         = 2021,
	month        = aug,
	doi          = {10.5281/zenodo.5171937},
	url          = {https://github.com/citation-file-format/citation-file-format},
	urldate      = {2021-11-07},
	copyright    = {CC-BY-4.0},
	abstract     = {The Citation File Format lets you provide citation metadata for software or datasets in plaintext files that are easy to read by both humans and machines.}
}
@misc{github_about_citation,
	title        = {About {CITATION} files},
	author       = {{GitHub}},
	year         = 2021,
	journal      = {GitHub Docs},
	url          = {https://docs.github.com/en/repositories/managing-your-repositorys-settings-and-features/customizing-your-repository/about-citation-files},
	urldate      = {2021-11-07},
	abstract     = {You can add a CITATION file to your repository to help users correctly cite your software.},
	language     = {en}
}
@manual{codemetar2021,
	title        = {{codemetar}: Generate 'CodeMeta' Metadata for {R} Packages},
	author       = {Carl Boettiger and Maëlle Salmon},
	year         = 2021,
	doi          = {10.5281/zenodo.4748266},
	url          = {https://zenodo.org/record/4748266},
	note         = {https://github.com/ropensci/codemetar, https://docs.ropensci.org/codemetar/}
}
@manual{R_2021,
	title        = {R: A Language and Environment for Statistical Computing},
	author       = {{R Core Team}},
	year         = 2021,
	address      = {Vienna, Austria},
	url          = {https://www.R-project.org/},
	organization = {R Foundation for Statistical Computing}
}
@misc{salmon2021,
	title        = {Make Your R Package Easier to Cite},
	author       = {Salmon, {Maëlle} and Chamberlain, Scott and Ram, Karthik},
	year         = 2021,
	month        = {02},
	url          = {https://ropensci.org/blog/2021/02/16/package-citation/},
	date         = {2021-02},
	langid       = {en}
}
