@article{druskat2021,
	title = {{Citation File Format}},
	author = {Druskat, Stephan and Spaaks, Jurriaan H. and Chue Hong, Neil and Haines, Robert and Baker, James and Bliven, Spencer and Willighagen, Egon and {Pérez-Suárez}, David and Konovalov, Alexander},
	year = {2021},
	month = {08},
	date = {2021-08},
	doi = {10.5281/zenodo.5171937},
	url = {https://github.com/citation-file-format/citation-file-format},
	note = {DOI: 10.5281/zenodo.5171937}
}

@article{druskat2021a,
	title = {Making software citation easi(er) - The Citation File Format and its integrations},
	author = {Druskat, Stephan},
	year = {2021},
	month = {09},
	date = {2021-09},
	doi = {10.5281/zenodo.5529914},
	url = {https://zenodo.org/record/5529914}
}

@book{jones2017,
	title = {{CodeMeta}: an exchange schema for software metadata},
	author = {Jones, Matthew B and Boettiger, Carl and Mayes, Abby Cabunoc and Arfon Smith,  and Slaughter, Peter and Niemeyer, Kyle and Gil, Yolanda and Fenner, Martin and Nowak, Krzysztof and Hahnel, Mark and Coy, Luke and Allen, Alice and Crosas, {Mercè} and Sands, Ashley and Hong, Neil Chue and Cruse, Patricia and Katz, Dan and Goble, Carole},
	year = {2017},
	date = {2017},
	publisher = {KNB Data Repository},
	doi = {10.5063/SCHEMA/CODEMETA-2.0},
	url = {https://raw.githubusercontent.com/codemeta/codemeta/2.0/codemeta.jsonld},
	note = {DOI: 10.5063/SCHEMA/CODEMETA-2.0}
}

@misc{fenner2021,
	title = {We need your feedback: Aligning the {CodeMeta} vocabulary for scientific software with schema.org},
	author = {Fenner, Martin},
	year = {2021},
	month = {05},
	date = {2021-05-11},
	url = {https://blog.datacite.org/codemeta-we-need-your-feedback/},
	langid = {en}
}

@misc{smith2021,
	title = {Enhanced support for citations on {GitHub}},
	author = {Smith, Arfon},
	year = {2021},
	month = {08},
	date = {2021-08-19},
	url = {https://github.blog/2021-08-19-enhanced-support-citations-github/},
	langid = {canadian}
}
