@Misc{,
  title = {My title},
  author = {Fran Herrero},
}
@Misc{key2,
  title = {Another title},
  author = {Ian Henderson},
}
@Misc{basic,
  title = {basicdesc: A Basic Description},
  author = {Marc Basic},
  url = {https://basic.github.io/package},
  abstract = {A very basic description. Should parse without problems.},
  version = {0.1.6},
}
