@Misc{,
  title = {My title},
  author = {Fran P{\'e}rez},
}
