@Misc{,
  title = {My title},
  author = {Fran PÃ©rez},
}
