@misc{biblatexcheatsheet,
	title        = {{BibLaTeX} {Cheat} {Sheet}},
	author       = {Rees, Clea F.},
	year         = 2017,
	month        = jun,
	url          = {https://osl.ugr.es/CTAN/info/biblatex-cheatsheet/biblatex-cheatsheet.pdf},
	urldate      = {2021-12-26},
	note         = {Version Number: 2017-06-24},
	date         = {2017-06-24}
}
@manual{codemetar2021,
	title        = {{codemetar}: Generate '{CodeMeta}' Metadata for {R} Packages},
	author       = {Carl Boettiger and Maëlle Salmon},
	year         = 2021,
	note         = {https://github.com/ropensci/codemetar, https://docs.ropensci.org/codemetar/}
}
@misc{decoret2007,
	title        = {A summary of {BibTeX}},
	author       = {Decoret, Xavier},
	year         = 2007,
	month        = jan,
	url          = {https://maverick.inria.fr/~Xavier.Decoret/resources/xdkbibtex/bibtex_summary.html},
	urldate      = {2021-12-15},
	note         = {Accessed on 15/12/2021}
}
@misc{druskat_citation_2021,
	title        = {Citation {File} {Format}},
	author       = {Druskat, Stephan and Spaaks, Jurriaan H. and Chue Hong, Neil and Haines, Robert and Baker, James and Bliven, Spencer and Willighagen, Egon and Pérez-Suárez, David and Konovalov, Alexander},
	year         = 2021,
	month        = {aug},
	doi          = {10.5281/zenodo.5171937},
	url          = {https://github.com/citation-file-format/citation-file-format},
	urldate      = {2021-11-07},
	copyright    = {CC-BY-4.0},
	date         = {2021-08},
	abstract     = {The Citation File Format lets you provide citation metadata for software or datasets in plaintext files that are easy to read by both humans and machines.}
}
@misc{druskat_stephan_making_2021,
	title        = {Making software citation easi(er) - {The} {Citation} {File} {Format} and its integrations},
	author       = {Druskat, Stephan},
	year         = 2021,
	month        = sep,
	doi          = {10.5281/zenodo.5529914},
	doi          = {10.5281/zenodo.5529914},
	url          = {https://doi.org/10.5281/zenodo.5529914},
	note         = {Version Number: 1},
	version      = 1
}
@misc{fenner2021,
	title        = {We need your feedback: {Aligning} the {CodeMeta} vocabulary for scientific software with schema.org},
	author       = {Fenner, Martin},
	year         = 2021,
	month        = may,
	month        = {may},
	doi          = {10.5438/a49j-x692},
	url          = {https://blog.datacite.org/codemeta-we-need-your-feedback/},
	date         = {2021-05-11},
	langid       = {en}
}
@misc{github_about_citation,
	title        = {About {CITATION} files},
	author       = {{GitHub}},
	year         = 2021,
	url          = {https://docs.github.com/en/repositories/managing-your-repositorys-settings-and-features/customizing-your-repository/about-citation-files},
	urldate      = {2021-11-07},
	note         = {Publication Title: GitHub Docs},
	abstract     = {You can add a CITATION file to your repository to help users correctly cite your software.},
	language     = {en}
}
@misc{Haines_Ruby_CFF_Library_2021,
	title        = {Ruby {CFF} Library},
	author       = {Haines, Robert and {The Ruby Citation File Format Developers}},
	year         = 2021,
	month        = aug,
	publisher    = {Zenodo},
	doi          = {10.5281/ZENODO.1184077},
	url          = {https://zenodo.org/record/1184077},
	urldate      = {2021-12-27},
	copyright    = {Apache License 2.0, Open Access},
	abstract     = {This library provides a Ruby interface to manipulate Citation File Format files},
	keywords     = {credit, metadata, CFF, citation file format, research software, software citation, software sustainability, ruby}
}
@article{hernangomez2021,
	title        = {{cffr}: Generate {Citation} {File} {Format} Metadata for {R} Packages},
	author       = {Hernangómez, Diego},
	year         = 2021,
	journal      = {Journal of Open Source Software},
	publisher    = {The Open Journal},
	volume       = 6,
	number       = 67,
	pages        = 3900,
	doi          = {10.21105/joss.03900},
	url          = {https://doi.org/10.21105/joss.03900},
	copyright    = {All rights reserved},
	note         = {Publisher: The Open Journal}
}
@book{jones2017,
	title        = {{CodeMeta}: an exchange schema for software metadata},
	author       = {Jones, Matthew B and Boettiger, Carl and Mayes, Abby Cabunoc and Arfon Smith, and Slaughter, Peter and Niemeyer, Kyle and Gil, Yolanda and Fenner, Martin and Nowak, Krzysztof and Hahnel, Mark and Coy, Luke and Allen, Alice and Crosas, {Mercè} and Sands, Ashley and Hong, Neil Chue and Cruse, Patricia and Katz, Dan and Goble, Carole},
	year         = 2017,
	publisher    = {KNB Data Repository},
	doi          = {10.5063/SCHEMA/CODEMETA-2.0},
	url          = {https://raw.githubusercontent.com/codemeta/codemeta/2.0/codemeta.jsonld},
	note         = {DOI: 10.5063/SCHEMA/CODEMETA-2.0},
	date         = 2017
}
@misc{jsonvalidate2021,
	title        = {{jsonvalidate}: Validate '{JSON}' Schema},
	shorttitle   = {jsonvalidate},
	author       = {FitzJohn, Rich and Ashton, Rob and Hill, Alex and Schep, Alicia and Lyttle, Ian and Woo, Kara and library), Mathias Buus (Author of bundled imjv and library), Evgeny Poberezkin (Author of bundled Ajv},
	year         = 2021,
	month        = nov,
	url          = {https://CRAN.R-project.org/package=jsonvalidate},
	urldate      = {2021-11-07},
	copyright    = {MIT + file LICENSE},
	abstract     = {Uses the node library 'is-my-json-valid' or 'ajv' to validate 'JSON' against a 'JSON' schema. Drafts 04, 06 and 07 of 'JSON' schema are supported.},
	keywords     = {WebTechnologies}
}
@book{lamport86latex,
	title        = {{LaTeX}: a document preparation system},
	shorttitle   = {{LaTeX}},
	author       = {Lamport, Leslie},
	year         = 1986,
	publisher    = {Addison-Wesley Pub. Co},
	address      = {Reading, Mass},
	isbn         = {978-0-201-15790-1},
	keywords     = {Computerized typesetting, LaTeX (Computer file)}
}
@article{markey2007tame,
	title        = {Tame the {BeaST}},
	author       = {Markey, Nicolas},
	year         = 2007,
	month        = oct,
	journal      = {The B to X of BibTeX, version},
	volume       = {1.4},
	url          = {https://osl.ugr.es/CTAN/info/bibtex/tamethebeast/ttb_en.pdf}
}
@misc{patashnik1988,
	title        = {{BIBTEXTING}},
	author       = {Patashnik, Oren},
	year         = 1988,
	month        = feb,
	url          = {https://osl.ugr.es/CTAN/biblio/bibtex/base/btxdoc.pdf}
}
@manual{R_2021,
	title        = {R: A Language and Environment for Statistical Computing},
	author       = {{R Core Team}},
	year         = 2021,
	publisher    = {R Foundation for Statistical Computing},
	address      = {Vienna, Austria},
	url          = {https://www.R-project.org/},
	organization = {R Foundation for Statistical Computing}
}
@inbook{rmarkdowncookbook2020,
	title        = {Bibliographies and citations},
	author       = {Yihui Xie and Christophe Dervieux and Emily Riederer},
	year         = 2020,
	booktitle    = {{R} Markdown Cookbook},
	publisher    = {Chapman and Hall/CRC},
	address      = {Boca Raton, Florida},
	series       = {The {R} Series},
	isbn         = 9780367563837,
	url          = {https://bookdown.org/yihui/rmarkdown-cookbook},
	chapter      = {4.5}
}
@misc{salmon2021,
	title        = {Make Your {R} Package Easier to Cite},
	author       = {Salmon, Maëlle and Chamberlain, Scott and Ram, Karthik},
	year         = 2021,
	month        = feb,
	url          = {https://ropensci.org/blog/2021/02/16/package-citation/}
}
@misc{smith2021,
	title        = {Enhanced support for citations on {GitHub}},
	author       = {Smith, Arfon},
	year         = 2021,
	month        = aug,
	url          = {https://github.blog/2021-08-19-enhanced-support-citations-github/}
}
@book{van-leunen,
	title        = {A handbook for scholars},
	author       = {Van Leunen, Mary-Claire},
	year         = 1992,
	publisher    = {Oxford University Press},
	address      = {New York},
	isbn         = {978-0-19-506953-2 978-0-19-506954-9},
	edition      = {Rev. ed},
	keywords     = {Academic writing, Handbooks, manuals, etc, Scholarly publishing}
}
