@book{,
	title        = {Relativity: The Special and the General Theory},
	author       = {Einstein, A.},
	year         = 1920,
	publisher    = {Henry Holt and Company},
	address      = {London, United Kingdom},
	isbn         = 9781587340925
}
