@article{article,
	author       = {John Doe},
	title        = {An article},
	journal      = {The title of the journal},
	year         = 2001,
	volume       = {The name of the volume},
	number       = 2,
	pages        = {201--213},
	month        = 7,
	note         = {An optional note}
}
@book{book,
	author       = {John Doe},
	editor       = {The name of the editor},
	title        = {A book},
	publisher    = {The name of the publisher},
	year         = 1993,
	volume       = {The name of the volume},
	number       = 5,
	series       = {The name of the series},
	address      = {Usually the address of the publisher},
	edition      = {The name of the edition},
	month        = 7,
	note         = {An optional note}
}
@booklet{booklet,
	title        = {A booklet},
	author       = {John Doe},
	howpublished = {How it was published},
	address      = {Usually the address of the publisher},
	month        = 7,
	year         = 1993,
	note         = {An optional note}
}
@inproceedings{conference,
	author       = {John Doe},
	title        = {A conference},
	booktitle    = {The title of the book},
	year         = 1993,
	editor       = {The name of the editor},
	volume       = {The name of the volume},
	number       = 23,
	series       = {The name of the series},
	pages        = {201--213},
	address      = {Usually the address of the publisher},
	month        = 7,
	organization = {The name of the organization},
	publisher    = {The name of the publisher},
	note         = {An optional note}
}
@inbook{inbook,
	author       = {John Doe},
	editor       = {The name of the editor},
	title        = {An InBook reference},
	chapter      = {The name of the chapter},
	pages        = {201--213},
	publisher    = {The name of the publisher},
	year         = 1993,
	volume       = {The name of the volume},
	number       = 222,
	series       = {The name of the series},
	type         = {An optional type},
	address      = {Usually the address of the publisher},
	edition      = {The name of the edition},
	month        = 7,
	note         = {An optional note},
	booktitle    = {Compatibility with BibLaTex: The title of the book}
}
@incollection{incollection,
	author       = {John Doe},
	title        = {An InCollection reference},
	booktitle    = {The title of the book},
	publisher    = {The name of the publisher},
	year         = 1993,
	editor       = {The editor},
	volume       = {The name of the volume},
	number       = 222,
	series       = {The name of the series},
	type         = {An optional type},
	chapter      = {The name of the chapter},
	pages        = {201--213},
	address      = {Usually the address of the publisher},
	edition      = {The name of the edition},
	month        = 7,
	note         = {An optional note}
}
@inproceedings{inproceedings,
	author       = {John Doe},
	title        = {An InProceeedings reference},
	booktitle    = {The title of the book},
	year         = 1993,
	editor       = {The editor},
	volume       = {The name of the volume},
	number       = 222,
	series       = {The name of the series},
	pages        = {201--213},
	address      = {Usually the address of the publisher},
	month        = 7,
	organization = {The name of the organization},
	publisher    = {The name of the publisher},
	note         = {An optional note}
}
@manual{manual,
	title        = {A Manual},
	author       = {John Doe},
	organization = {The name of the organization},
	address      = {Usually the address of the publisher},
	edition      = {The name of the edition},
	month        = 7,
	year         = 1993,
	note         = {An optional note}
}
@mastersthesis{mastersthesis,
	author       = {John Doe},
	title        = {A MasterThesis},
	school       = {The school of the thesis},
	year         = 1993,
	type         = {An optional type},
	address      = {The address of the school},
	month        = 7,
	note         = {An optional note},
	institution  = {Compatibility with BibLaTex: The name of the institution}
}
@misc{misc,
	author       = {John Doe},
	title        = {A Misc Entry},
	howpublished = {How it was published},
	month        = 7,
	year         = 1993,
	note         = {An optional note}
}
@phdthesis{phdthesis,
	author       = {John Doe},
	title        = {A PhD Thesis},
	school       = {The school of the thesis},
	year         = 1993,
	type         = {An optional type},
	address      = {The address of the school},
	month        = 7,
	note         = {An optional note},
	institution  = {Compatibility with BibLaTex: The name of the institution}
}
@proceedings{proceedings,
	title        = {Proceedings},
	year         = 1993,
	editor       = {The name of the editor},
	volume       = {The name of the volume},
	number       = 1,
	series       = {The name of the series},
	address      = {Usually the address of the publisher},
	month        = 7,
	organization = {The name of the organization},
	publisher    = {The name of the publisher},
	note         = {An optional note},
	key          = {You should use key if author is not specified}
}
@techreport{techreport,
	author       = {John Doe},
	title        = {A TechReport},
	institution  = {The name of the institution},
	year         = 1993,
	type         = {An optional type},
	number       = 2,
	address      = {The address of the institution},
	month        = 7,
	note         = {An optional note}
}
@unpublished{unpublished,
	author       = {John Doe},
	title        = {Unpublished},
	note         = {An optional note},
	month        = 7,
	year         = 1993,
	annote       = {Annotation},
	crossref     = {Crossref},
	keywords     = {key1, key2}
}
