@book{einstein1921,
	title        = {Relativity: The Special and the General Theory},
	author       = {Einstein, A.},
	year         = 1920,
	publisher    = {Henry Holt and Company},
	address      = {London, United Kingdom},
	isbn         = 9781587340925
}
@manual{base2021,
	title        = {R: A Language and Environment for {Statistical} Computing},
	author       = {{R Core Team}},
	year         = 2021,
	address      = {Vienna, Austria},
	url          = {https://www.R-project.org/},
	organization = {R Foundation for Statistical Computing}
}
