@misc{druskat_citation_2021,
	title        = {Citation {File} {Format}},
	author       = {Druskat, Stephan and Spaaks, Jurriaan H. and Chue Hong, Neil and Haines, Robert and Baker, James and Bliven, Spencer and Willighagen, Egon and Pérez-Suárez, David and Konovalov, Alexander},
	year         = 2021,
	month        = {aug},
	doi          = {10.5281/zenodo.5171937},
	url          = {https://github.com/citation-file-format/citation-file-format},
	urldate      = {2021-11-07},
	copyright    = {CC-BY-4.0},
	date         = {2021-08},
	abstract     = {The Citation File Format lets you provide citation metadata for software or datasets in plaintext files that are easy to read by both humans and machines.}
}
@article{hernangomez2021,
	title        = {{cffr}: Generate {Citation} {File} {Format} Metadata for {R} Packages},
	author       = {Hernangómez, Diego},
	year         = 2021,
	journal      = {Journal of Open Source Software},
	publisher    = {The Open Journal},
	volume       = 6,
	number       = 67,
	pages        = 3900,
	doi          = {10.21105/joss.03900},
	url          = {https://doi.org/10.21105/joss.03900},
	copyright    = {All rights reserved},
	note         = {Publisher: The Open Journal}
}
