@Misc{,
  title = {My title},
  author = {Fran Herrero},
}
@Misc{key2,
  title = {Another title},
  author = {Ian Henderson},
}
